@article{keller2010regular,
  title={Regular, shape-polymorphic, parallel arrays in Haskell},
  author={Keller, Gabriele and Chakravarty, Manuel MT and Leshchinskiy, Roman and Peyton Jones, Simon and Lippmeier, Ben},
  journal={ACM Sigplan Notices},
  volume={45},
  number={9},
  pages={261--272},
  year={2010},
  publisher={ACM}
}

@inproceedings{lippmeier2011efficient,
  title={Efficient parallel stencil convolution in Haskell},
  author={Lippmeier, Ben and Keller, Gabriele},
  booktitle={ACM SIGPLAN Notices},
  volume={46},
  number={12},
  pages={59--70},
  year={2011},
  organization={ACM}
}
@inproceedings{lippmeier2012guiding,
  title={Guiding parallel array fusion with indexed types},
  author={Lippmeier, Ben and Chakravarty, Manuel and Keller, Gabriele and Peyton Jones, Simon},
  booktitle={Proceedings of the 2012 symposium on Haskell symposium},
  pages={25--36},
  year={2012},
  organization={ACM}
}
